@misc{Powersgd,
      title={PowerSGD: Practical Low-Rank Gradient Compression for Distributed Optimization}, 
      author={Thijs Vogels and Sai Praneeth Karimireddy and Martin Jaggi},
      year={2020},
      eprint={1905.13727},
      archivePrefix={arXiv},
      primaryClass={cs.LG}
}

@misc{Rofl,
      title={RoFL: Robustness of Secure Federated Learning}, 
      author={Hidde Lycklama and Lukas Burkhalter and Alexander Viand and Nicolas Küchler and Anwar Hithnawi},
      year={2023},
      eprint={2107.03311},
      archivePrefix={arXiv},
      primaryClass={cs.CR}
}

@misc{LearningFromHistory,
      title={Learning from History for Byzantine Robust Optimization}, 
      author={Sai Praneeth Karimireddy and Lie He and Martin Jaggi},
      year={2021},
      eprint={2012.10333},
      archivePrefix={arXiv},
      primaryClass={cs.LG}
}

@misc{InnerProductManipulation,
      title={Fall of Empires: Breaking Byzantine-tolerant SGD by Inner Product Manipulation}, 
      author={Cong Xie and Sanmi Koyejo and Indranil Gupta},
      year={2019},
      eprint={1903.03936},
      archivePrefix={arXiv},
      primaryClass={cs.LG}
}

@misc{MNIST,
	title={MNIST handwritten digit
database},
	author={Yann LeCun and Corinna Cortes},
	year={2010},
	url={http://yann.lecun.com/exdb/mnist/}
}

@misc{ByzantineResilient,
      title={Byzantine-Resilient Non-Convex Stochastic Gradient Descent}, 
      author={Zeyuan Allen-Zhu and Faeze Ebrahimian and Jerry Li and Dan Alistarh},
      year={2021},
      eprint={2012.14368},
      archivePrefix={arXiv},
      primaryClass={cs.LG}
}

@misc{ErrorFeedback,
      title={Error Feedback Fixes SignSGD and other Gradient Compression Schemes}, 
      author={Sai Praneeth Karimireddy and Quentin Rebjock and Sebastian U. Stich and Martin Jaggi},
      year={2019},
      eprint={1901.09847},
      archivePrefix={arXiv},
      primaryClass={cs.LG}
}

@misc{FeatureLeakage,
      title={Exploiting Unintended Feature Leakage in Collaborative Learning}, 
      author={Luca Melis and Congzheng Song and Emiliano De Cristofaro and Vitaly Shmatikov},
      year={2018},
      eprint={1805.04049},
      archivePrefix={arXiv},
      primaryClass={cs.CR}
}

@misc{DistributedRobustLearning,
      title={Distributed Robust Learning}, 
      author={Jiashi Feng and Huan Xu and Shie Mannor},
      year={2015},
      eprint={1409.5937},
      archivePrefix={arXiv},
      primaryClass={stat.ML}
}

@misc{SignSGDMajorityVote,
      title={signSGD with Majority Vote is Communication Efficient And Fault Tolerant}, 
      author={Jeremy Bernstein and Jiawei Zhao and Kamyar Azizzadenesheli and Anima Anandkumar},
      year={2019},
      eprint={1810.05291},
      archivePrefix={arXiv},
      primaryClass={cs.DC}
}

@inproceedings{SecureAggregation,
author = {Bonawitz, Keith and Ivanov, Vladimir and Kreuter, Ben and Marcedone, Antonio and McMahan, H. Brendan and Patel, Sarvar and Ramage, Daniel and Segal, Aaron and Seth, Karn},
title = {Practical Secure Aggregation for Privacy-Preserving Machine Learning},
year = {2017},
isbn = {9781450349468},
publisher = {Association for Computing Machinery},
address = {New York, NY, USA},
url = {https://doi.org/10.1145/3133956.3133982},
doi = {10.1145/3133956.3133982},
booktitle = {Proceedings of the 2017 ACM SIGSAC Conference on Computer and Communications Security},
pages = {1175–1191},
numpages = {17},
keywords = {secure aggregation, machine learning, federated learning, privacy-preserving protocols},
location = {Dallas, Texas, USA},
series = {CCS '17}
}